@article{fajardo2011automated,
  title={Automated intersection control: Performance of future innovation versus current traffic signal control},
  author={Fajardo, David and Au, Tsz-Chiu and Waller, S and Stone, Peter and Yang, David},
  journal={Transportation Research Record: Journal of the Transportation Research Board},
  number={2259},
  pages={223--232},
  year={2011},
  publisher={Transportation Research Board of the National Academies}
}

@inproceedings{wardrop1952road,
	title={ROAD PAPER. SOME THEORETICAL ASPECTS OF ROAD TRAFFIC RESEARCH.},
	author={Wardrop, John Glen},
	booktitle={ICE Proceedings: Engineering Divisions},
	volume={1},
	number={3},
	pages={325--362},
	year={1952},
	organization={Thomas Telford}
}

@article{sheffi1985urban,
	title={Urban transportation network},
	author={Sheffi, Yosef},
	journal={Equilibrium analysis with mathematical programming methods, Prentice Hall},
	year={1985}
}

@article{powell1982convergence,
	title={The convergence of equilibrium algorithms with predetermined step sizes},
	author={Powell, Warren B and Sheffi, Yosef},
	journal={Transportation Science},
	volume={16},
	number={1},
	pages={45--55},
	year={1982},
	publisher={INFORMS}
}

@inproceedings{lighthill1955kinematic,
	title={On kinematic waves. II. A theory of traffic flow on long crowded roads},
	author={Lighthill, Michael J and Whitham, Gerald Beresford},
	booktitle={Proceedings of the Royal Society of London A: Mathematical, Physical and Engineering Sciences},
	volume={229},
	number={1178},
	pages={317--345},
	year={1955},
	organization={The Royal Society}
}

@article{ziliaskopoulos2000internet,
  title={An Internet-based geographic information system that integrates data, models and users for transportation applications},
  author={Ziliaskopoulos, Athanasios K and Waller, S Travis},
  journal={Transportation Research Part C: Emerging Technologies},
  volume={8},
  number={1},
  pages={427--444},
  year={2000},
  publisher={Elsevier}
}


@article{richards1956shock,
	title={Shock waves on the highway},
	author={Richards, Paul I},
	journal={Operations research},
	volume={4},
	number={1},
	pages={42--51},
	year={1956},
	publisher={INFORMS}
}
@inproceedings{polzin2014potential,
	title={Potential activity-travel and land use impacts of driverless cars},
	author={Polzin, S and Walker, J and Mahmassani, H and Charlton, B},
	booktitle={Proceedings of the 93rd Annual Meeting of the Transportation Research Board},
	year={2014},
	organization={Transportation Research Board}
}


@article{daganzo1994cell,
	title={The cell transmission model: A dynamic representation of highway traffic consistent with the hydrodynamic theory},
	author={Daganzo, Carlos F},
	journal={Transportation Research Part B: Methodological},
	volume={28},
	number={4},
	pages={269--287},
	year={1994},
	publisher={Elsevier}
}

@article{daganzo1995cell,
	title={The cell transmission model, part II: network traffic},
	author={Daganzo, Carlos F},
	journal={Transportation Research Part B: Methodological},
	volume={29},
	number={2},
	pages={79--93},
	year={1995},
	publisher={Elsevier}
}

@article{yperman2007link,
	title={The link transmission model for dynamic network loading},
	author={Yperman, Isaak},
	journal={status: published},
	year={2007}
}

@article{zhu2015linear,
	title={A linear programming formulation for autonomous intersection control within a dynamic traffic assignment and connected vehicle environment},
	author={Zhu, Feng and Ukkusuri, Satish V},
	journal={Transportation Research Part C: Emerging Technologies},
	volume={55},
	pages={363--378},
	year={2015},
	publisher={Elsevier}
}

@inproceedings{dresner2004multiagent,
	title={Multiagent traffic management: A reservation-based intersection control mechanism},
	author={Dresner, Kurt and Stone, Peter},
	booktitle={Proceedings of the Third International Joint Conference on Autonomous Agents and Multiagent Systems-Volume 2},
	pages={530--537},
	year={2004},
	organization={IEEE Computer Society}
}

@inproceedings{dresner2005multiagent,
	title={Multiagent traffic management: An improved intersection control mechanism},
	author={Dresner, Kurt and Stone, Peter},
	booktitle={Proceedings of the fourth international joint conference on Autonomous agents and multiagent systems},
	pages={471--477},
	year={2005},
	organization={ACM}
}

@inproceedings{dresner2006traffic,
	title={Traffic intersections of the future},
	author={Dresner, Kurt and Stone, Peter},
	booktitle={Proceedings of the National Conference on Artificial Intelligence},
	volume={21},
	number={2},
	pages={1593},
	year={2006},
	organization={Menlo Park, CA; Cambridge, MA; London; AAAI Press; MIT Press; 1999}
}

@incollection{dresner2006multiagent,
	title={Multiagent traffic management: Opportunities for multiagent learning},
	author={Dresner, Kurt and Stone, Peter},
	booktitle={Learning and Adaption in Multi-Agent Systems},
	pages={129--138},
	year={2006},
	publisher={Springer}
}

@inproceedings{dresner2007sharing,
	title={Sharing the Road: Autonomous Vehicles Meet Human Drivers.},
	author={Dresner, Kurt M and Stone, Peter},
	booktitle={IJCAI},
	volume={7},
	pages={1263--1268},
	year={2007}
}

@inproceedings{conde2013intelligent,
	title={Intelligent traffic management at intersections: Legacy mode for vehicles not equipped with v2v and v2i communications},
	author={Conde Bento, Luis and Parafita, Ricardo and Santos, Sara and Nunes, Urbano},
	booktitle={Intelligent Transportation Systems-(ITSC), 2013 16th International IEEE Conference on},
	pages={726--731},
	year={2013},
	organization={IEEE}
}

@article{braess1968paradoxon,
	title={{\"U}ber ein Paradoxon aus der Verkehrsplanung},
	author={Braess, Priv-Doz},
	journal={Unternehmensforschung},
	volume={12},
	number={1},
	pages={258--268},
	year={1968},
	publisher={Springer}
}

@inproceedings{carlino2012approximately,
	title={Approximately orchestrated routing and transportation analyzer: Large-scale traffic simulation for autonomous vehicles},
	author={Carlino, Dustin and Depinet, Mike and Khandelwal, Piyush and Stone, Peter},
	booktitle={Intelligent Transportation Systems (ITSC), 2012 15th International IEEE Conference on},
	pages={334--339},
	year={2012},
	organization={IEEE}
}

@article{vasirani2012market,
	title={A market-inspired approach for intersection management in urban road traffic networks},
	author={Vasirani, Matteo and Ossowski, Sascha},
	journal={Journal of Artificial Intelligence Research},
	pages={621--659},
	year={2012}
}

@article{tampere2011generic,
	title={A generic class of first order node models for dynamic macroscopic simulation of traffic flows},
	author={Tamp{\`e}re, Chris MJ and Corthout, Ruben and Cattrysse, Dirk and Immers, Lambertus H},
	journal={Transportation Research Part B: Methodological},
	volume={45},
	number={1},
	pages={289--309},
	year={2011},
	publisher={Elsevier}
}

@techreport{vasirani2010market,
	title={A market-based approach to accommodate user preferences in reservation-based traffic management},
	author={Vasirani, Matteo and Ossowski, Sascha},
	year={2010},
	institution={Technical Report ATT}
}

@inproceedings{carlino2013auction,
	title={Auction-based autonomous intersection management},
	author={Carlino, Dustin and Boyles, Stephen D and Stone, Peter},
	booktitle={Intelligent Transportation Systems-(ITSC), 2013 16th International IEEE Conference on},
	pages={529--534},
	year={2013},
	organization={IEEE}
}

@incollection{schepperle2007agent,
	title={Agent-based traffic control using auctions},
	author={Schepperle, Heiko and B{\"o}hm, Klemens},
	booktitle={Cooperative Information Agents XI},
	pages={119--133},
	year={2007},
	publisher={Springer}
}

@incollection{schepperle2008traffic,
	title={Traffic management based on negotiations between vehicles--a feasibility demonstration using agents},
	author={Schepperle, Heiko and B{\"o}hm, Klemens and Forster, Simone},
	booktitle={Agent-Mediated Electronic Commerce and Trading Agent Design and Analysis},
	pages={90--104},
	year={2008},
	publisher={Springer}
}

@article{aziz2012integration,
	title={Integration of environmental objectives in a system optimal dynamic traffic assignment model},
	author={Aziz, HM and Ukkusuri, Satish V},
	journal={Computer-Aided Civil and Infrastructure Engineering},
	volume={27},
	number={7},
	pages={494--511},
	year={2012},
	publisher={Wiley Online Library}
}
@techreport{beckmann1956studies,
	title={Studies in the Economics of Transportation},
	author={Beckmann, Martin and McGuire, CB and Winsten, Christopher B},
	year={1956}
}
@inproceedings{conde2013intelligent,
	title={Intelligent traffic management at intersections: Legacy mode for vehicles not equipped with v2v and v2i communications},
	author={Conde Bento, Luis and Parafita, Ricardo and Santos, Sara and Nunes, Urbano},
	booktitle={Intelligent Transportation Systems-(ITSC), 2013 16th International IEEE Conference on},
	pages={726--731},
	year={2013},
	organization={IEEE}
}
@article{braess1968paradoxon,
	title={{\"U}ber ein Paradoxon aus der Verkehrsplanung},
	author={Braess, Priv-Doz Dr D},
	journal={Unternehmensforschung},
	volume={12},
	number={1},
	pages={258--268},
	year={1968},
	publisher={Springer}
}
@inproceedings{carlino2012approximately,
	title={Approximately orchestrated routing and transportation analyzer: Large-scale traffic simulation for autonomous vehicles},
	author={Carlino, Dustin and Depinet, Mike and Khandelwal, Piyush and Stone, Peter},
	booktitle={Intelligent Transportation Systems (ITSC), 2012 15th International IEEE Conference on},
	pages={334--339},
	year={2012},
	organization={IEEE}
}
@inproceedings{carlino2013auction,
	title={Auction-based autonomous intersection management},
	author={Carlino, Dustin and Boyles, Stephen D and Stone, Peter},
	booktitle={Intelligent Transportation Systems-(ITSC), 2013 16th International IEEE Conference on},
	pages={529--534},
	year={2013},
	organization={IEEE}
}
@inproceedings{carlino2013auction,
	title={Auction-based autonomous intersection management},
	author={Carlino, Dustin and Boyles, Stephen D and Stone, Peter},
	booktitle={Intelligent Transportation Systems-(ITSC), 2013 16th International IEEE Conference on},
	pages={529--534},
	year={2013},
	organization={IEEE}
}
@article{chiu2011dynamic,
	title={Dynamic traffic assignment: A primer},
	author={Chiu, Yi-Chang and Bottom, Jon and Mahut, Michael and Paz, Alex and Balakrishna, Ramachandran and Waller, Travis and Hicks, Jim},
	journal={Transportation Research E-Circular},
	number={E-C153},
	year={2011}
}
@article{daganzo1994cell,
	title={The cell transmission model: A dynamic representation of highway traffic consistent with the hydrodynamic theory},
	author={Daganzo, Carlos F},
	journal={Transportation Research Part B: Methodological},
	volume={28},
	number={4},
	pages={269--287},
	year={1994},
	publisher={Elsevier}
}
@article{daganzo1995cell,
	title={The cell transmission model, part II: network traffic},
	author={Daganzo, Carlos F},
	journal={Transportation Research Part B: Methodological},
	volume={29},
	number={2},
	pages={79--93},
	year={1995},
	publisher={Elsevier}
}
@article{dobson1982worst,
	title={Worst-case analysis of greedy heuristics for integer programming with nonnegative data},
	author={Dobson, Gregory},
	journal={Mathematics of Operations Research},
	volume={7},
	number={4},
	pages={515--531},
	year={1982},
	publisher={INFORMS}
}
@inproceedings{dresner2004multiagent,
	title={Multiagent traffic management: A reservation-based intersection control mechanism},
	author={Dresner, Kurt and Stone, Peter},
	booktitle={Proceedings of the Third International Joint Conference on Autonomous Agents and Multiagent Systems-Volume 2},
	pages={530--537},
	year={2004},
	organization={IEEE Computer Society}
}
@inproceedings{dresner2005multiagent,
	title={Multiagent traffic management: An improved intersection control mechanism},
	author={Dresner, Kurt and Stone, Peter},
	booktitle={Proceedings of the fourth international joint conference on Autonomous agents and multiagent systems},
	pages={471--477},
	year={2005},
	organization={ACM}
}
@inproceedings{dresner2006human,
	title={Human-usable and emergency vehicle-aware control policies for autonomous intersection management},
	author={Dresner, Kurt and Stone, Peter},
	booktitle={Fourth International Workshop on Agents in Traffic and Transportation (ATT), Hakodate, Japan},
	year={2006}
}
@inproceedings{dresner2006traffic,
	title={Traffic intersections of the future},
	author={Dresner, Kurt and Stone, Peter},
	booktitle={Proceedings of the National Conference on Artificial Intelligence},
	volume={21},
	number={2},
	pages={1593},
	year={2006},
	organization={Menlo Park, CA; Cambridge, MA; London; AAAI Press; MIT Press; 1999}
}
@inproceedings{dresner2007sharing,
	title={Sharing the Road: Autonomous Vehicles Meet Human Drivers.},
	author={Dresner, Kurt M and Stone, Peter},
	booktitle={IJCAI},
	volume={7},
	pages={1263--1268},
	year={2007}
}
@techreport{duthie2013investigating,
	title={Investigating Regional Dynamic Traffic Assignment Modeling for Improved Bottleneck Analysis: Final Report},
	author={Duthie, Jennifer C and Nezamuddin, N and Juri, Natalia Ruiz and Rambha, Tarun and Melson, Chris and Pool, C Matt and Boyles, Stephen and Waller, S Travis and Kumar, Roshan},
	year={2013}
}
@techreport{epa2009motor,
	title{Motor Vehicle Emission Simulator},
	author{US Environmental Protection Agency},
	institution={Office of Transportation and Air Quality},
	booktitle={Moves 2010 User Guide. EPA report EPA-420-B-09-041},
	year={2009}
}


@article{fagnant2014travel,
  title={The travel and environmental implications of shared autonomous vehicles, using agent-based model scenarios},
  author={Fagnant, Daniel J and Kockelman, Kara M},
  journal={Transportation Research Part C: Emerging Technologies},
  volume={40},
  pages={1--13},
  year={2014},
  publisher={Elsevier}
}

@article{zhang2015exploring,
  title={Exploring the impact of shared autonomous vehicles on urban parking demand: An agent-based simulation approach},
  author={Zhang, Wenwen and Guhathakurta, Subhrajit and Fang, Jinqi and Zhang, Ge},
  journal={Sustainable Cities and Society},
  volume={19},
  pages={34--45},
  year={2015},
  publisher={Elsevier}
}
@techreport{jones2013cooperative,
  title={Cooperative Adaptive Cruise Control: Human Factors Analysis},
  author={Jones, Stephen},
  year={2013}
}

@article{khondaker2015variable,
  title={Variable speed limit: A microscopic analysis in a connected vehicle environment},
  author={Khondaker, Bidoura and Kattan, Lina},
  journal={Transportation Research Part C: Emerging Technologies},
  volume={58},
  pages={146--159},
  year={2015},
  publisher={Elsevier}
}
@article{dresner2008multiagent,
  title={A multiagent approach to autonomous intersection management},
  author={Dresner, Kurt and Stone, Peter},
  journal={Journal of artificial intelligence research},
  pages={591--656},
  year={2008}
}

@article{levin2015savs,
  title={A General Framework for Modeling Shared Autonomous Vehicles},
  author={Levin, Michael W, Li, Tianxin, Boyles, Stephen D, and Kockelman, Kara M},
  journal={In review for presentation at the 95th Annual Meeting of the Transportation Research Board},
  year={2016}
}

@article{levin2015paradoxes,
  title={Paradoxes of reservation-based intersection controls},
  author={Levin, Michael W and Boyles, Stephen D, and Patel, Rahul},
  journal={In review at Transportation Research Part A: Policy and Practice},
  year={2016}
}

@article{fagnant2015preparing,
  title={Preparing a nation for autonomous vehicles: opportunities, barriers and policy recommendations},
  author={Fagnant, Daniel J and Kockelman, Kara},
  journal={Transportation Research Part A: Policy and Practice},
  volume={77},
  pages={167--181},
  year={2015},
  publisher={Elsevier}
}


@inproceedings{greenshields1935study,
	title={A study of traffic capacity},
	author={Greenshields, BD and Channing, Ws and Miller, Hh and others},
	booktitle={Highway research board proceedings},
	volume={1935},
	year={1935},
	organization={National Research Council (USA), Highway Research Board}
}
@incollection{bhat1999activity,
	title={Activity-based modeling of travel demand},
	author={Bhat, Chandra R and Koppelman, Frank S},
	booktitle={Handbook of transportation Science},
	pages={35--61},
	year={1999},
	publisher={Springer}
}
@article{rakha2012integration,
	title={Integration framework for modeling eco-routing strategies: logic and preliminary results},
	author={Rakha, Hesham and Ahn, Kyoungho and Moran, Kevin},
	journal={International Journal of Transportation Science and Technology},
	volume={1},
	number={3},
	pages={259--274},
	year={2012},
	publisher={Multi Science Publishing}
}
@inproceedings{tung2010integration,
	title={Integration of Dynamic Traffic Assignment in a Four Step Model Framework—A Deployment Case Study in Seattle Model},
	author={Tung, Robert and Wang, Zhong and Chiu, Yi-Chang},
	booktitle={Proc., Third Conference on Innovations in Travel Modeling},
	year={2010}
}
@inproceedings{van1995multivariate,
	title={Multivariate calibration of single regime speed-flow-density relationships},
	author={Van Aerde, Michel and Rakha, Hesham},
	booktitle={Proceedings of the 6th 1995 Vehicle Navigation and Information Systems Conference},
	pages={334--341},
	year={1995}
}

@article{elefteriadou1997development,
	title={Development of passenger car equivalents for freeways, two-lane highways, and arterials},
	author={Elefteriadou, Lily and Torbic, Darren and Webster, Nathan},
	journal={Transportation Research Record: Journal of the Transportation Research Board},
	number={1572},
	pages={51--58},
	year={1997},
	publisher={Transportation Research Board of the National Academies}
}
@article{gardner2013framework,
	title={A framework for evaluating the role of electric vehicles in transportation network infrastructure under travel demand variability},
	author={Gardner, Lauren M and Duell, Melissa and Waller, S Travis},
	journal={Transportation Research Part A: Policy and Practice},
	volume={49},
	pages={76--90},
	year={2013},
	publisher={Elsevier}
}
@article{marcotte2004new,
	title={A new look at the multiclass network equilibrium problem},
	author={Marcotte, Patrice and Wynter, Laura},
	journal={Transportation Science},
	volume={38},
	number={3},
	pages={282--292},
	year={2004},
	publisher={INFORMS}
}
@article{nagurney2002supply,
	title={A supply chain network equilibrium model},
	author={Nagurney, Anna and Dong, June and Zhang, Ding},
	journal={Transportation Research Part E: Logistics and Transportation Review},
	volume={38},
	number={5},
	pages={281--303},
	year={2002},
	publisher={Elsevier}
}
@article{mcnally2008four,
	title={The four step model},
	author={McNally, Michael G},
	journal={Center for Activity Systems Analysis},
	year={2008}
}
@article{boyce1994introducing,
	title={Introducing" feedback" into four-step travel forecasting procedure versus equilibrium solution of combined model},
	author={Boyce, David E and Zhang, Yu-Fang and Lupa, Mary R},
	journal={Transportation Research Record},
	pages={65--65},
	year={1994},
	publisher={NATIONAL ACADEMY OF SCIENCES}
}

@article{fajardo2011automated,
  title={Automated intersection control: Performance of future innovation versus current traffic signal control},
  author={Fajardo, David and Au, Tsz-Chiu and Waller, S and Stone, Peter and Yang, David},
  journal={Transportation Research Record: Journal of the Transportation Research Board},
  number={2259},
  pages={223--232},
  year={2011},
  publisher={Transportation Research Board of the National Academies}
}

@inproceedings{wardrop1952road,
	title={ROAD PAPER. SOME THEORETICAL ASPECTS OF ROAD TRAFFIC RESEARCH.},
	author={Wardrop, John Glen},
	booktitle={ICE Proceedings: Engineering Divisions},
	volume={1},
	number={3},
	pages={325--362},
	year={1952},
	organization={Thomas Telford}
}

@article{sheffi1985urban,
	title={Urban transportation network},
	author={Sheffi, Yosef},
	journal={Equilibrium analysis with mathematical programming methods, Prentice Hall},
	year={1985}
}

@article{powell1982convergence,
	title={The convergence of equilibrium algorithms with predetermined step sizes},
	author={Powell, Warren B and Sheffi, Yosef},
	journal={Transportation Science},
	volume={16},
	number={1},
	pages={45--55},
	year={1982},
	publisher={INFORMS}
}

@inproceedings{lighthill1955kinematic,
	title={On kinematic waves. II. A theory of traffic flow on long crowded roads},
	author={Lighthill, Michael J and Whitham, Gerald Beresford},
	booktitle={Proceedings of the Royal Society of London A: Mathematical, Physical and Engineering Sciences},
	volume={229},
	number={1178},
	pages={317--345},
	year={1955},
	organization={The Royal Society}
}

@article{ziliaskopoulos2000internet,
  title={An Internet-based geographic information system that integrates data, models and users for transportation applications},
  author={Ziliaskopoulos, Athanasios K and Waller, S Travis},
  journal={Transportation Research Part C: Emerging Technologies},
  volume={8},
  number={1},
  pages={427--444},
  year={2000},
  publisher={Elsevier}
}


@article{richards1956shock,
	title={Shock waves on the highway},
	author={Richards, Paul I},
	journal={Operations research},
	volume={4},
	number={1},
	pages={42--51},
	year={1956},
	publisher={INFORMS}
}
@inproceedings{polzin2014potential,
	title={Potential activity-travel and land use impacts of driverless cars},
	author={Polzin, S and Walker, J and Mahmassani, H and Charlton, B},
	booktitle={Proceedings of the 93rd Annual Meeting of the Transportation Research Board},
	year={2014}
	organization={Transportation Research Board}
}


@article{daganzo1994cell,
	title={The cell transmission model: A dynamic representation of highway traffic consistent with the hydrodynamic theory},
	author={Daganzo, Carlos F},
	journal={Transportation Research Part B: Methodological},
	volume={28},
	number={4},
	pages={269--287},
	year={1994},
	publisher={Elsevier}
}

@article{daganzo1995cell,
	title={The cell transmission model, part II: network traffic},
	author={Daganzo, Carlos F},
	journal={Transportation Research Part B: Methodological},
	volume={29},
	number={2},
	pages={79--93},
	year={1995},
	publisher={Elsevier}
}

@article{yperman2007link,
	title={The link transmission model for dynamic network loading},
	author={Yperman, Isaak},
	journal={status: published},
	year={2007}
}

@article{zhu2015linear,
	title={A linear programming formulation for autonomous intersection control within a dynamic traffic assignment and connected vehicle environment},
	author={Zhu, Feng and Ukkusuri, Satish V},
	journal={Transportation Research Part C: Emerging Technologies},
	volume={55},
	pages={363--378},
	year={2015},
	publisher={Elsevier}
}
@book{shoup2005high,
  title={The high cost of free parking},
  author={Shoup, Donald C and American Planning Association and others},
  volume={206},
  year={2005},
  publisher={Planners Press Chicago}
}

@inproceedings{dresner2004multiagent,
	title={Multiagent traffic management: A reservation-based intersection control mechanism},
	author={Dresner, Kurt and Stone, Peter},
	booktitle={Proceedings of the Third International Joint Conference on Autonomous Agents and Multiagent Systems-Volume 2},
	pages={530--537},
	year={2004},
	organization={IEEE Computer Society}
}

@inproceedings{dresner2005multiagent,
	title={Multiagent traffic management: An improved intersection control mechanism},
	author={Dresner, Kurt and Stone, Peter},
	booktitle={Proceedings of the fourth international joint conference on Autonomous agents and multiagent systems},
	pages={471--477},
	year={2005},
	organization={ACM}
}

@inproceedings{dresner2006traffic,
	title={Traffic intersections of the future},
	author={Dresner, Kurt and Stone, Peter},
	booktitle={Proceedings of the National Conference on Artificial Intelligence},
	volume={21},
	number={2},
	pages={1593},
	year={2006},
	organization={Menlo Park, CA; Cambridge, MA; London; AAAI Press; MIT Press; 1999}
}

@incollection{dresner2006multiagent,
	title={Multiagent traffic management: Opportunities for multiagent learning},
	author={Dresner, Kurt and Stone, Peter},
	booktitle={Learning and Adaption in Multi-Agent Systems},
	pages={129--138},
	year={2006},
	publisher={Springer}
}

@inproceedings{dresner2007sharing,
	title={Sharing the Road: Autonomous Vehicles Meet Human Drivers.},
	author={Dresner, Kurt M and Stone, Peter},
	booktitle={IJCAI},
	volume={7},
	pages={1263--1268},
	year={2007}
}

@inproceedings{conde2013intelligent,
	title={Intelligent traffic management at intersections: Legacy mode for vehicles not equipped with v2v and v2i communications},
	author={Conde Bento, Luis and Parafita, Ricardo and Santos, Sara and Nunes, Urbano},
	booktitle={Intelligent Transportation Systems-(ITSC), 2013 16th International IEEE Conference on},
	pages={726--731},
	year={2013},
	organization={IEEE}
}

@article{braess1968paradoxon,
	title={{\"U}ber ein Paradoxon aus der Verkehrsplanung},
	author={Braess, Priv-Doz Dr D},
	journal={Unternehmensforschung},
	volume={12},
	number={1},
	pages={258--268},
	year={1968},
	publisher={Springer}
}

@inproceedings{carlino2012approximately,
	title={Approximately orchestrated routing and transportation analyzer: Large-scale traffic simulation for autonomous vehicles},
	author={Carlino, Dustin and Depinet, Mike and Khandelwal, Piyush and Stone, Peter},
	booktitle={Intelligent Transportation Systems (ITSC), 2012 15th International IEEE Conference on},
	pages={334--339},
	year={2012},
	organization={IEEE}
}

@article{vasirani2012market,
	title={A market-inspired approach for intersection management in urban road traffic networks},
	author={Vasirani, Matteo and Ossowski, Sascha},
	journal={Journal of Artificial Intelligence Research},
	pages={621--659},
	year={2012}
}

@article{tampere2011generic,
	title={A generic class of first order node models for dynamic macroscopic simulation of traffic flows},
	author={Tamp{\`e}re, Chris MJ and Corthout, Ruben and Cattrysse, Dirk and Immers, Lambertus H},
	journal={Transportation Research Part B: Methodological},
	volume={45},
	number={1},
	pages={289--309},
	year={2011},
	publisher={Elsevier}
}

@techreport{vasirani2010market,
	title={A market-based approach to accommodate user preferences in reservation-based traffic management},
	author={Vasirani, Matteo and Ossowski, Sascha},
	year={2010},
	institution={Technical Report ATT}
}

@inproceedings{carlino2013auction,
	title={Auction-based autonomous intersection management},
	author={Carlino, Dustin and Boyles, Stephen D and Stone, Peter},
	booktitle={Intelligent Transportation Systems-(ITSC), 2013 16th International IEEE Conference on},
	pages={529--534},
	year={2013},
	organization={IEEE}
}

@incollection{schepperle2007agent,
	title={Agent-based traffic control using auctions},
	author={Schepperle, Heiko and B{\"o}hm, Klemens},
	booktitle={Cooperative Information Agents XI},
	pages={119--133},
	year={2007},
	publisher={Springer}
}

@incollection{schepperle2008traffic,
	title={Traffic management based on negotiations between vehicles--a feasibility demonstration using agents},
	author={Schepperle, Heiko and B{\"o}hm, Klemens and Forster, Simone},
	booktitle={Agent-Mediated Electronic Commerce and Trading Agent Design and Analysis},
	pages={90--104},
	year={2008},
	publisher={Springer}
}

@article{aziz2012integration,
	title={Integration of environmental objectives in a system optimal dynamic traffic assignment model},
	author={Aziz, HM and Ukkusuri, Satish V},
	journal={Computer-Aided Civil and Infrastructure Engineering},
	volume={27},
	number={7},
	pages={494--511},
	year={2012},
	publisher={Wiley Online Library}
}
@techreport{beckmann1956studies,
	title={Studies in the Economics of Transportation},
	author={Beckmann, Martin and McGuire, CB and Winsten, Christopher B},
	year={1956}
}
@inproceedings{conde2013intelligent,
	title={Intelligent traffic management at intersections: Legacy mode for vehicles not equipped with v2v and v2i communications},
	author={Conde Bento, Luis and Parafita, Ricardo and Santos, Sara and Nunes, Urbano},
	booktitle={Intelligent Transportation Systems-(ITSC), 2013 16th International IEEE Conference on},
	pages={726--731},
	year={2013},
	organization={IEEE}
}
@article{braess1968paradoxon,
	title={{\"U}ber ein Paradoxon aus der Verkehrsplanung},
	author={Braess, Priv-Doz Dr D},
	journal={Unternehmensforschung},
	volume={12},
	number={1},
	pages={258--268},
	year={1968},
	publisher={Springer}
}
@inproceedings{carlino2012approximately,
	title={Approximately orchestrated routing and transportation analyzer: Large-scale traffic simulation for autonomous vehicles},
	author={Carlino, Dustin and Depinet, Mike and Khandelwal, Piyush and Stone, Peter},
	booktitle={Intelligent Transportation Systems (ITSC), 2012 15th International IEEE Conference on},
	pages={334--339},
	year={2012},
	organization={IEEE}
}
@inproceedings{carlino2013auction,
	title={Auction-based autonomous intersection management},
	author={Carlino, Dustin and Boyles, Stephen D and Stone, Peter},
	booktitle={Intelligent Transportation Systems-(ITSC), 2013 16th International IEEE Conference on},
	pages={529--534},
	year={2013},
	organization={IEEE}
}
@inproceedings{carlino2013auction,
	title={Auction-based autonomous intersection management},
	author={Carlino, Dustin and Boyles, Stephen D and Stone, Peter},
	booktitle={Intelligent Transportation Systems-(ITSC), 2013 16th International IEEE Conference on},
	pages={529--534},
	year={2013},
	organization={IEEE}
}
@article{chiu2011dynamic,
	title={Dynamic traffic assignment: A primer},
	author={Chiu, Yi-Chang and Bottom, Jon and Mahut, Michael and Paz, Alex and Balakrishna, Ramachandran and Waller, Travis and Hicks, Jim},
	journal={Transportation Research E-Circular},
	number={E-C153},
	year={2011}
}
@article{daganzo1994cell,
	title={The cell transmission model: A dynamic representation of highway traffic consistent with the hydrodynamic theory},
	author={Daganzo, Carlos F},
	journal={Transportation Research Part B: Methodological},
	volume={28},
	number={4},
	pages={269--287},
	year={1994},
	publisher={Elsevier}
}
@article{daganzo1995cell,
	title={The cell transmission model, part II: network traffic},
	author={Daganzo, Carlos F},
	journal={Transportation Research Part B: Methodological},
	volume={29},
	number={2},
	pages={79--93},
	year={1995},
	publisher={Elsevier}
}
@article{dobson1982worst,
	title={Worst-case analysis of greedy heuristics for integer programming with nonnegative data},
	author={Dobson, Gregory},
	journal={Mathematics of Operations Research},
	volume={7},
	number={4},
	pages={515--531},
	year={1982},
	publisher={INFORMS}
}
@inproceedings{dresner2004multiagent,
	title={Multiagent traffic management: A reservation-based intersection control mechanism},
	author={Dresner, Kurt and Stone, Peter},
	booktitle={Proceedings of the Third International Joint Conference on Autonomous Agents and Multiagent Systems-Volume 2},
	pages={530--537},
	year={2004},
	organization={IEEE Computer Society}
}
@inproceedings{dresner2005multiagent,
	title={Multiagent traffic management: An improved intersection control mechanism},
	author={Dresner, Kurt and Stone, Peter},
	booktitle={Proceedings of the fourth international joint conference on Autonomous agents and multiagent systems},
	pages={471--477},
	year={2005},
	organization={ACM}
}
@inproceedings{dresner2006human,
	title={Human-usable and emergency vehicle-aware control policies for autonomous intersection management},
	author={Dresner, Kurt and Stone, Peter},
	booktitle={Fourth International Workshop on Agents in Traffic and Transportation (ATT), Hakodate, Japan},
	year={2006}
}
@inproceedings{dresner2006traffic,
	title={Traffic intersections of the future},
	author={Dresner, Kurt and Stone, Peter},
	booktitle={Proceedings of the National Conference on Artificial Intelligence},
	volume={21},
	number={2},
	pages={1593},
	year={2006},
	organization={Menlo Park, CA; Cambridge, MA; London; AAAI Press; MIT Press; 1999}
}
@inproceedings{dresner2007sharing,
	title={Sharing the Road: Autonomous Vehicles Meet Human Drivers.},
	author={Dresner, Kurt M and Stone, Peter},
	booktitle={IJCAI},
	volume={7},
	pages={1263--1268},
	year={2007}
}
@techreport{duthie2013investigating,
	title={Investigating Regional Dynamic Traffic Assignment Modeling for Improved Bottleneck Analysis: Final Report},
	author={Duthie, Jennifer C and Nezamuddin, N and Juri, Natalia Ruiz and Rambha, Tarun and Melson, Chris and Pool, C Matt and Boyles, Stephen and Waller, S Travis and Kumar, Roshan},
	year={2013}
}
@techreport{epa2009motor,
	title{Motor Vehicle Emission Simulator},
	author{US Environmental Protection Agency},
	institution={Office of Transportation and Air Quality},
	booktitle={Moves 2010 User Guide. EPA report EPA-420-B-09-041},
	year={2009}
}


@article{fagnant2014travel,
  title={The travel and environmental implications of shared autonomous vehicles, using agent-based model scenarios},
  author={Fagnant, Daniel J and Kockelman, Kara M},
  journal={Transportation Research Part C: Emerging Technologies},
  volume={40},
  pages={1--13},
  year={2014},
  publisher={Elsevier}
}


@article{fajardo2011automated,
  title={Automated intersection control: Performance of future innovation versus current traffic signal control},
  author={Fajardo, David and Au, Tsz-Chiu and Waller, S and Stone, Peter and Yang, David},
  journal={Transportation Research Record: Journal of the Transportation Research Board},
  number={2259},
  pages={223--232},
  year={2011},
  publisher={Transportation Research Board of the National Academies}
}

@inproceedings{wardrop1952road,
	title={ROAD PAPER. SOME THEORETICAL ASPECTS OF ROAD TRAFFIC RESEARCH.},
	author={Wardrop, John Glen},
	booktitle={ICE Proceedings: Engineering Divisions},
	volume={1},
	number={3},
	pages={325--362},
	year={1952},
	organization={Thomas Telford}
}

@article{sheffi1985urban,
	title={Urban transportation network},
	author={Sheffi, Yosef},
	journal={Equilibrium analysis with mathematical programming methods, Prentice Hall},
	year={1985}
}

@article{powell1982convergence,
	title={The convergence of equilibrium algorithms with predetermined step sizes},
	author={Powell, Warren B and Sheffi, Yosef},
	journal={Transportation Science},
	volume={16},
	number={1},
	pages={45--55},
	year={1982},
	publisher={INFORMS}
}

@inproceedings{lighthill1955kinematic,
	title={On kinematic waves. II. A theory of traffic flow on long crowded roads},
	author={Lighthill, Michael J and Whitham, Gerald Beresford},
	booktitle={Proceedings of the Royal Society of London A: Mathematical, Physical and Engineering Sciences},
	volume={229},
	number={1178},
	pages={317--345},
	year={1955},
	organization={The Royal Society}
}

@article{richards1956shock,
	title={Shock waves on the highway},
	author={Richards, Paul I},
	journal={Operations research},
	volume={4},
	number={1},
	pages={42--51},
	year={1956},
	publisher={INFORMS}
}
@inproceedings{polzin2014potential,
	title={Potential activity-travel and land use impacts of driverless cars},
	author={Polzin, S and Walker, J and Mahmassani, H and Charlton, B},
	booktitle={Proceedings of the 93rd Annual Meeting of the Transportation Research Board},
	year={2014}
	organization={Transportation Research Board}
}


@article{daganzo1994cell,
	title={The cell transmission model: A dynamic representation of highway traffic consistent with the hydrodynamic theory},
	author={Daganzo, Carlos F},
	journal={Transportation Research Part B: Methodological},
	volume={28},
	number={4},
	pages={269--287},
	year={1994},
	publisher={Elsevier}
}

@article{daganzo1995cell,
	title={The cell transmission model, part II: network traffic},
	author={Daganzo, Carlos F},
	journal={Transportation Research Part B: Methodological},
	volume={29},
	number={2},
	pages={79--93},
	year={1995},
	publisher={Elsevier}
}

@article{yperman2007link,
	title={The link transmission model for dynamic network loading},
	author={Yperman, Isaak},
	journal={status: published},
	year={2007}
}

@article{zhu2015linear,
	title={A linear programming formulation for autonomous intersection control within a dynamic traffic assignment and connected vehicle environment},
	author={Zhu, Feng and Ukkusuri, Satish V},
	journal={Transportation Research Part C: Emerging Technologies},
	volume={55},
	pages={363--378},
	year={2015},
	publisher={Elsevier}
}

@inproceedings{dresner2004multiagent,
	title={Multiagent traffic management: A reservation-based intersection control mechanism},
	author={Dresner, Kurt and Stone, Peter},
	booktitle={Proceedings of the Third International Joint Conference on Autonomous Agents and Multiagent Systems-Volume 2},
	pages={530--537},
	year={2004},
	organization={IEEE Computer Society}
}

@inproceedings{dresner2005multiagent,
	title={Multiagent traffic management: An improved intersection control mechanism},
	author={Dresner, Kurt and Stone, Peter},
	booktitle={Proceedings of the fourth international joint conference on Autonomous agents and multiagent systems},
	pages={471--477},
	year={2005},
	organization={ACM}
}

@inproceedings{dresner2006traffic,
	title={Traffic intersections of the future},
	author={Dresner, Kurt and Stone, Peter},
	booktitle={Proceedings of the National Conference on Artificial Intelligence},
	volume={21},
	number={2},
	pages={1593},
	year={2006},
	organization={Menlo Park, CA; Cambridge, MA; London; AAAI Press; MIT Press; 1999}
}

@incollection{dresner2006multiagent,
	title={Multiagent traffic management: Opportunities for multiagent learning},
	author={Dresner, Kurt and Stone, Peter},
	booktitle={Learning and Adaption in Multi-Agent Systems},
	pages={129--138},
	year={2006},
	publisher={Springer}
}

@inproceedings{dresner2007sharing,
	title={Sharing the Road: Autonomous Vehicles Meet Human Drivers.},
	author={Dresner, Kurt M and Stone, Peter},
	booktitle={IJCAI},
	volume={7},
	pages={1263--1268},
	year={2007}
}

@inproceedings{conde2013intelligent,
	title={Intelligent traffic management at intersections: Legacy mode for vehicles not equipped with v2v and v2i communications},
	author={Conde Bento, Luis and Parafita, Ricardo and Santos, Sara and Nunes, Urbano},
	booktitle={Intelligent Transportation Systems-(ITSC), 2013 16th International IEEE Conference on},
	pages={726--731},
	year={2013},
	organization={IEEE}
}

@article{braess1968paradoxon,
	title={{\"U}ber ein Paradoxon aus der Verkehrsplanung},
	author={Braess, Priv-Doz Dr D},
	journal={Unternehmensforschung},
	volume={12},
	number={1},
	pages={258--268},
	year={1968},
	publisher={Springer}
}

@inproceedings{carlino2012approximately,
	title={Approximately orchestrated routing and transportation analyzer: Large-scale traffic simulation for autonomous vehicles},
	author={Carlino, Dustin and Depinet, Mike and Khandelwal, Piyush and Stone, Peter},
	booktitle={Intelligent Transportation Systems (ITSC), 2012 15th International IEEE Conference on},
	pages={334--339},
	year={2012},
	organization={IEEE}
}

@article{vasirani2012market,
	title={A market-inspired approach for intersection management in urban road traffic networks},
	author={Vasirani, Matteo and Ossowski, Sascha},
	journal={Journal of Artificial Intelligence Research},
	pages={621--659},
	year={2012}
}

@article{tampere2011generic,
	title={A generic class of first order node models for dynamic macroscopic simulation of traffic flows},
	author={Tamp{\`e}re, Chris MJ and Corthout, Ruben and Cattrysse, Dirk and Immers, Lambertus H},
	journal={Transportation Research Part B: Methodological},
	volume={45},
	number={1},
	pages={289--309},
	year={2011},
	publisher={Elsevier}
}

@techreport{vasirani2010market,
	title={A market-based approach to accommodate user preferences in reservation-based traffic management},
	author={Vasirani, Matteo and Ossowski, Sascha},
	year={2010},
	institution={Technical Report ATT}
}

@inproceedings{carlino2013auction,
	title={Auction-based autonomous intersection management},
	author={Carlino, Dustin and Boyles, Stephen D and Stone, Peter},
	booktitle={Intelligent Transportation Systems-(ITSC), 2013 16th International IEEE Conference on},
	pages={529--534},
	year={2013},
	organization={IEEE}
}

@incollection{schepperle2007agent,
	title={Agent-based traffic control using auctions},
	author={Schepperle, Heiko and B{\"o}hm, Klemens},
	booktitle={Cooperative Information Agents XI},
	pages={119--133},
	year={2007},
	publisher={Springer}
}

@incollection{schepperle2008traffic,
	title={Traffic management based on negotiations between vehicles--a feasibility demonstration using agents},
	author={Schepperle, Heiko and B{\"o}hm, Klemens and Forster, Simone},
	booktitle={Agent-Mediated Electronic Commerce and Trading Agent Design and Analysis},
	pages={90--104},
	year={2008},
	publisher={Springer}
}

@article{aziz2012integration,
	title={Integration of environmental objectives in a system optimal dynamic traffic assignment model},
	author={Aziz, HM and Ukkusuri, Satish V},
	journal={Computer-Aided Civil and Infrastructure Engineering},
	volume={27},
	number={7},
	pages={494--511},
	year={2012},
	publisher={Wiley Online Library}
}
@techreport{beckmann1956studies,
	title={Studies in the Economics of Transportation},
	author={Beckmann, Martin and McGuire, CB and Winsten, Christopher B},
	year={1956}
}
@inproceedings{conde2013intelligent,
	title={Intelligent traffic management at intersections: Legacy mode for vehicles not equipped with v2v and v2i communications},
	author={Conde Bento, Luis and Parafita, Ricardo and Santos, Sara and Nunes, Urbano},
	booktitle={Intelligent Transportation Systems-(ITSC), 2013 16th International IEEE Conference on},
	pages={726--731},
	year={2013},
	organization={IEEE}
}
@article{braess1968paradoxon,
	title={{\"U}ber ein Paradoxon aus der Verkehrsplanung},
	author={Braess, Priv-Doz Dr D},
	journal={Unternehmensforschung},
	volume={12},
	number={1},
	pages={258--268},
	year={1968},
	publisher={Springer}
}
@inproceedings{carlino2012approximately,
	title={Approximately orchestrated routing and transportation analyzer: Large-scale traffic simulation for autonomous vehicles},
	author={Carlino, Dustin and Depinet, Mike and Khandelwal, Piyush and Stone, Peter},
	booktitle={Intelligent Transportation Systems (ITSC), 2012 15th International IEEE Conference on},
	pages={334--339},
	year={2012},
	organization={IEEE}
}
@inproceedings{carlino2013auction,
	title={Auction-based autonomous intersection management},
	author={Carlino, Dustin and Boyles, Stephen D and Stone, Peter},
	booktitle={Intelligent Transportation Systems-(ITSC), 2013 16th International IEEE Conference on},
	pages={529--534},
	year={2013},
	organization={IEEE}
}
@inproceedings{carlino2013auction,
	title={Auction-based autonomous intersection management},
	author={Carlino, Dustin and Boyles, Stephen D and Stone, Peter},
	booktitle={Intelligent Transportation Systems-(ITSC), 2013 16th International IEEE Conference on},
	pages={529--534},
	year={2013},
	organization={IEEE}
}
@article{chiu2011dynamic,
	title={Dynamic traffic assignment: A primer},
	author={Chiu, Yi-Chang and Bottom, Jon and Mahut, Michael and Paz, Alex and Balakrishna, Ramachandran and Waller, Travis and Hicks, Jim},
	journal={Transportation Research E-Circular},
	number={E-C153},
	year={2011}
}
@article{daganzo1994cell,
	title={The cell transmission model: A dynamic representation of highway traffic consistent with the hydrodynamic theory},
	author={Daganzo, Carlos F},
	journal={Transportation Research Part B: Methodological},
	volume={28},
	number={4},
	pages={269--287},
	year={1994},
	publisher={Elsevier}
}
@article{daganzo1995cell,
	title={The cell transmission model, part II: network traffic},
	author={Daganzo, Carlos F},
	journal={Transportation Research Part B: Methodological},
	volume={29},
	number={2},
	pages={79--93},
	year={1995},
	publisher={Elsevier}
}
@article{dobson1982worst,
	title={Worst-case analysis of greedy heuristics for integer programming with nonnegative data},
	author={Dobson, Gregory},
	journal={Mathematics of Operations Research},
	volume={7},
	number={4},
	pages={515--531},
	year={1982},
	publisher={INFORMS}
}
@inproceedings{dresner2004multiagent,
	title={Multiagent traffic management: A reservation-based intersection control mechanism},
	author={Dresner, Kurt and Stone, Peter},
	booktitle={Proceedings of the Third International Joint Conference on Autonomous Agents and Multiagent Systems-Volume 2},
	pages={530--537},
	year={2004},
	organization={IEEE Computer Society}
}
@inproceedings{dresner2005multiagent,
	title={Multiagent traffic management: An improved intersection control mechanism},
	author={Dresner, Kurt and Stone, Peter},
	booktitle={Proceedings of the fourth international joint conference on Autonomous agents and multiagent systems},
	pages={471--477},
	year={2005},
	organization={ACM}
}
@inproceedings{dresner2006human,
	title={Human-usable and emergency vehicle-aware control policies for autonomous intersection management},
	author={Dresner, Kurt and Stone, Peter},
	booktitle={Fourth International Workshop on Agents in Traffic and Transportation (ATT), Hakodate, Japan},
	year={2006}
}
@inproceedings{dresner2006traffic,
	title={Traffic intersections of the future},
	author={Dresner, Kurt and Stone, Peter},
	booktitle={Proceedings of the National Conference on Artificial Intelligence},
	volume={21},
	number={2},
	pages={1593},
	year={2006},
	organization={Menlo Park, CA; Cambridge, MA; London; AAAI Press; MIT Press; 1999}
}
@inproceedings{dresner2007sharing,
	title={Sharing the Road: Autonomous Vehicles Meet Human Drivers.},
	author={Dresner, Kurt M and Stone, Peter},
	booktitle={IJCAI},
	volume={7},
	pages={1263--1268},
	year={2007}
}
@techreport{duthie2013investigating,
	title={Investigating Regional Dynamic Traffic Assignment Modeling for Improved Bottleneck Analysis: Final Report},
	author={Duthie, Jennifer C and Nezamuddin, N and Juri, Natalia Ruiz and Rambha, Tarun and Melson, Chris and Pool, C Matt and Boyles, Stephen and Waller, S Travis and Kumar, Roshan},
	year={2013}
}
@techreport{epa2009motor,
	title{Motor Vehicle Emission Simulator},
	author{US Environmental Protection Agency},
	institution={Office of Transportation and Air Quality},
	booktitle={Moves 2010 User Guide. EPA report EPA-420-B-09-041},
	year={2009}
}
@article{fajardo2011automated,
	title={Automated intersection control: Performance of future innovation versus current traffic signal control},
	author={Fajardo, David and Au, Tsz-Chiu and Waller, S and Stone, Peter and Yang, David},
	journal={Transportation Research Record: Journal of the Transportation Research Board},
	number={2259},
	pages={223--232},
	year={2011},
	publisher={Transportation Research Board of the National Academies}
}
@misc{kellererknapsack,
	title={Knapsack problems. 2004},
	author={Kellerer, Hans and Pferschy, Ulrich and Pisinger, David},
	publisher={Springer, Berlin}
}
@article{levin2014improving,
	title={Improving the convergence of simulation-based dynamic traffic assignment methodologies},
	author={Levin, Michael W and Pool, Matt and Owens, Travis and Juri, Natalia Ruiz and Waller, S Travis},
	journal={Networks and Spatial Economics},
	pages={1--22},
	year={2014},
	publisher={Springer}
}
@inproceedings{levin2015intersection,
	title={Intersection Auctions and Reservation-Based Control in Dynamic Traffic Assignment},
	author={Levin, Michael W and Boyles, Stephen D},
	booktitle={Transportation Research Board 94th Annual Meeting},
	number={15-2149},
	year={2015}
}
@article{levin2015demand,
	title={Demand Profiling for Dynamic Traffic Assignment by Integrating Departure Time Choice and Trip Distribution},
	author={Levin, Michael W and Boyles, Stephen D and Duthie, Jennifer and Pool, C Matthew},
	journal={Computer-Aided Civil and Infrastructure Engineering},
	year={2015},
	publisher={Wiley Online Library}
}
@inproceedings{levin2015effects,
	title={Effects of Autonomous Vehicle Ownership on Trip, Mode, and Route Choice},
	author={Levin, Michael W and Boyles, Stephen D},
	booktitle={Transportation Research Board 94th Annual Meeting},
	number={15-2147},
	year={2015}
}
@article{lin2011dantzig,
	title={A Dantzig-Wolfe Decomposition-Based Heuristic for Off-line Capacity Calibration of Dynamic Traffic Assignment},
	author={Lin, Dung-Ying and Valsaraj, Varunraj and Waller, S Travis},
	journal={Computer-Aided Civil and Infrastructure Engineering},
	volume={26},
	number={1},
	pages={1--15},
	year={2011},
	publisher={Wiley Online Library}
}
@article{peeta2001foundations,
	title={Foundations of dynamic traffic assignment: The past, the present and the future},
	author={Peeta, Srinivas and Ziliaskopoulos, Athanasios K},
	journal={Networks and Spatial Economics},
	volume={1},
	number={3-4},
	pages={233--265},
	year={2001},
	publisher={Springer}
}
@inproceedings{qian2014priority,
	title={Priority-based coordination of autonomous and legacy vehicles at intersection},
	author={Qian, Xiangjun and Gregoire, Jean and Moutarde, Fabien and De La Fortelle, Arnaud},
	booktitle={Intelligent Transportation Systems (ITSC), 2014 IEEE 17th International Conference on},
	pages={1166--1171},
	year={2014},
	organization={IEEE}
}
@incollection{schepperle2007agent,
	title={Agent-based traffic control using auctions},
	author={Schepperle, Heiko and B{\"o}hm, Klemens},
	booktitle={Cooperative Information Agents XI},
	pages={119--133},
	year={2007},
	publisher={Springer}
}
@inproceedings{schepperle2008auction,
	title={Auction-based traffic management: towards effective concurrent utilization of road intersections},
	author={Schepperle, Heiko and Bohm, K},
	booktitle={E-Commerce Technology and the Fifth IEEE Conference on Enterprise Computing, E-Commerce and E-Services, 2008 10th IEEE Conference on},
	pages={105--112},
	year={2008},
	organization={IEEE}
}
@article{tampere2011generic,
	title={A generic class of first order node models for dynamic macroscopic simulation of traffic flows},
	author={Tamp{\`e}re, Chris MJ and Corthout, Ruben and Cattrysse, Dirk and Immers, Lambertus H},
	journal={Transportation Research Part B: Methodological},
	volume={45},
	number={1},
	pages={289--309},
	year={2011},
	publisher={Elsevier}
}
@article{vasirani2012market,
	title={A market-inspired approach for intersection management in urban road traffic networks},
	author={Vasirani, Matteo and Ossowski, Sascha},
	journal={Journal of Artificial Intelligence Research},
	pages={621--659},
	year={2012}
}
@article{zhu2015linear,
	title={A linear programming formulation for autonomous intersection control within a dynamic traffic assignment and connected vehicle environment},
	author={Zhu, Feng and Ukkusuri, Satish V},
	journal={Transportation Research Part C: Emerging Technologies},
	volume={55},
	pages={363--378},
	year={2015},
	publisher={Elsevier}
}
@article{robbins1951stochastic,
	title={A stochastic approximation method},
	author={Robbins, Herbert and Monro, Sutton},
	journal={The annals of mathematical statistics},
	pages={400--407},
	year={1951},
	publisher={JSTOR}
}
@article{you2014development,
	title={Development of Vehicle Fleet Composition Model System for Implementation in Activity-Based Travel Model},
	author={You, Daehyun and Garikapati, Venu and Pendyala, Ram and Bhat, Chandra and Dubey, Subodh and Jeon, Kyunghwi and Livshits, Vladimir},
	journal={Transportation Research Record: Journal of the Transportation Research Board},
	number={2430},
	pages={145--154},
	year={2014},
	publisher={Transportation Research Board of the National Academies}
}
@inproceedings{greenshields1935study,
	title={A study of traffic capacity},
	author={Greenshields, BD and Channing, Ws and Miller, Hh and others},
	booktitle={Highway research board proceedings},
	volume={1935},
	year={1935},
	organization={National Research Council (USA), Highway Research Board}
}
@incollection{bhat1999activity,
	title={Activity-based modeling of travel demand},
	author={Bhat, Chandra R and Koppelman, Frank S},
	booktitle={Handbook of transportation Science},
	pages={35--61},
	year={1999},
	publisher={Springer}
}
@article{rakha2012integration,
	title={Integration framework for modeling eco-routing strategies: logic and preliminary results},
	author={Rakha, Hesham and Ahn, Kyoungho and Moran, Kevin},
	journal={International Journal of Transportation Science and Technology},
	volume={1},
	number={3},
	pages={259--274},
	year={2012},
	publisher={Multi Science Publishing}
}
@inproceedings{tung2010integration,
	title={Integration of Dynamic Traffic Assignment in a Four Step Model Framework—A Deployment Case Study in Seattle Model},
	author={Tung, Robert and Wang, Zhong and Chiu, Yi-Chang},
	booktitle={Proc., Third Conference on Innovations in Travel Modeling},
	year={2010}
}
@inproceedings{van1995multivariate,
	title={Multivariate calibration of single regime speed-flow-density relationships},
	author={Van Aerde, Michel and Rakha, Hesham},
	booktitle={Proceedings of the 6th 1995 Vehicle Navigation and Information Systems Conference},
	pages={334--341},
	year={1995}
}

@article{elefteriadou1997development,
	title={Development of passenger car equivalents for freeways, two-lane highways, and arterials},
	author={Elefteriadou, Lily and Torbic, Darren and Webster, Nathan},
	journal={Transportation Research Record: Journal of the Transportation Research Board},
	number={1572},
	pages={51--58},
	year={1997},
	publisher={Transportation Research Board of the National Academies}
}
@article{gardner2013framework,
	title={A framework for evaluating the role of electric vehicles in transportation network infrastructure under travel demand variability},
	author={Gardner, Lauren M and Duell, Melissa and Waller, S Travis},
	journal={Transportation Research Part A: Policy and Practice},
	volume={49},
	pages={76--90},
	year={2013},
	publisher={Elsevier}
}
@article{marcotte2004new,
	title={A new look at the multiclass network equilibrium problem},
	author={Marcotte, Patrice and Wynter, Laura},
	journal={Transportation Science},
	volume={38},
	number={3},
	pages={282--292},
	year={2004},
	publisher={INFORMS}
}
@article{nagurney2002supply,
	title={A supply chain network equilibrium model},
	author={Nagurney, Anna and Dong, June and Zhang, Ding},
	journal={Transportation Research Part E: Logistics and Transportation Review},
	volume={38},
	number={5},
	pages={281--303},
	year={2002},
	publisher={Elsevier}
}
@article{mcnally2008four,
	title={The four step model},
	author={McNally, Michael G},
	journal={Center for Activity Systems Analysis},
	year={2008}
}
@article{boyce1994introducing,
	title={Introducing" feedback" into four-step travel forecasting procedure versus equilibrium solution of combined model},
	author={Boyce, David E and Zhang, Yu-Fang and Lupa, Mary R},
	journal={Transportation Research Record},
	pages={65--65},
	year={1994},
	publisher={NATIONAL ACADEMY OF SCIENCES}
}

@article{Fagnant20141,
	title = "The travel and environmental implications of shared autonomous vehicles, using agent-based model scenarios ",
	journal = "Transportation Research Part C: Emerging Technologies ",
	volume = "40",
	number = "",
	pages = "1 - 13",
	year = "2014",
	note = "",
	issn = "0968-090X",
	doi = "http://dx.doi.org/10.1016/j.trc.2013.12.001",
	url = "http://www.sciencedirect.com/science/article/pii/S0968090X13002581",
	author = "Daniel J. Fagnant and Kara M. Kockelman"
}

@inproceedings{levin2015intersection,
	title={Intersection Auctions and Reservation-Based Control in Dynamic Traffic Assignment},
	author={Levin, Michael W and Boyles, Stephen D},
	booktitle={Transportation Research Board 94th Annual Meeting},
	number={15-2149},
	year={2015}
}

@article{daganzo1994cell,
	title={The cell transmission model: A dynamic representation of highway traffic consistent with the hydrodynamic theory},
	author={Daganzo, Carlos F},
	journal={Transportation Research Part B: Methodological},
	volume={28},
	number={4},
	pages={269--287},
	year={1994},
	publisher={Elsevier}
}

@article{daganzo1995cell,
	title={The cell transmission model, part II: network traffic},
	author={Daganzo, Carlos F},
	journal={Transportation Research Part B: Methodological},
	volume={29},
	number={2},
	pages={79--93},
	year={1995},
	publisher={Elsevier}
}

@inproceedings{lighthill1955kinematic,
	title={On kinematic waves. II. A theory of traffic flow on long crowded roads},
	author={Lighthill, Michael J and Whitham, Gerald Beresford},
	booktitle={Proceedings of the Royal Society of London A: Mathematical, Physical and Engineering Sciences},
	volume={229},
	number={1178},
	pages={317--345},
	year={1955},
	organization={The Royal Society}
}

@article{richards1956shock,
	title={Shock waves on the highway},
	author={Richards, Paul I},
	journal={Operations research},
	volume={4},
	number={1},
	pages={42--51},
	year={1956},
	publisher={INFORMS}
}

@article{ziliaskopoulos2000internet,
	title={An Internet-based geographic information system that integrates data, models and users for transportation applications},
	author={Ziliaskopoulos, Athanasios K and Waller, S Travis},
	journal={Transportation Research Part C: Emerging Technologies},
	volume={8},
	number={1},
	pages={427--444},
	year={2000},
	publisher={Elsevier}
}

@inproceedings{dresner2004multiagent,
	title={Multiagent traffic management: A reservation-based intersection control mechanism},
	author={Dresner, Kurt and Stone, Peter},
	booktitle={Proceedings of the Third International Joint Conference on Autonomous Agents and Multiagent Systems-Volume 2},
	pages={530--537},
	year={2004},
	organization={IEEE Computer Society}
}

@article{tuerprasert2010multiclass,
	title={Multiclass cell transmission model for heterogeneous mobility in general topology of road network},
	author={Tuerprasert, Kamonthep and Aswakul, Chaodit},
	journal={Journal of Intelligent Transportation Systems},
	volume={14},
	number={2},
	pages={68--82},
	year={2010},
	publisher={Taylor \& Francis}
}

@article{daganzo1994cell,
	title={The cell transmission model: A dynamic representation of highway traffic consistent with the hydrodynamic theory},
	author={Daganzo, Carlos F},
	journal={Transportation Research Part B: Methodological},
	volume={28},
	number={4},
	pages={269--287},
	year={1994},
	publisher={Elsevier}
}

@article{daganzo1995finite,
	title={A finite difference approximation of the kinematic wave model of traffic flow},
	author={Daganzo, Carlos F},
	journal={Transportation Research Part B: Methodological},
	volume={29},
	number={4},
	pages={261--276},
	year={1995},
	publisher={Elsevier}
}

@article{wong2002multi,
	title={A multi-class traffic flow model--an extension of LWR model with heterogeneous drivers},
	author={Wong, GCK and Wong, SC},
	journal={Transportation Research Part A: Policy and Practice},
	volume={36},
	number={9},
	pages={827--841},
	year={2002},
	publisher={Elsevier}
}

@article{blumberg2009consistent,
	title={Consistent node arrival order in dynamic network loading models},
	author={Blumberg, Michal and Bar-Gera, Hillel},
	journal={Transportation Research Part B: Methodological},
	volume={43},
	number={3},
	pages={285--300},
	year={2009},
	publisher={Elsevier}
}

@article{brackstone1999car,
	title={Car-following: a historical review},
	author={Brackstone, Mark and McDonald, Mike},
	journal={Transportation Research Part F: Traffic Psychology and Behaviour},
	volume={2},
	number={4},
	pages={181--196},
	year={1999},
	publisher={Elsevier}
}

@article{gartner2005revised,
	title={Revised monograph on traffic flow theory: a state-of-the-art report},
	author={Gartner, NH and Messer, Carroll J and Rathi, Ajay K},
	journal={Special Report by the Transportation Research Board of the National Research Council},
	year={2005}
}

@article{newell2002simplified,
	title={A simplified car-following theory: a lower order model},
	author={Newell, Gordon Frank},
	journal={Transportation Research Part B: Methodological},
	volume={36},
	number={3},
	pages={195--205},
	year={2002},
	publisher={Elsevier}
}

@article{newell1993simplified,
	title={A simplified theory of kinematic waves in highway traffic, part I: General theory},
	author={Newell, Gordon F},
	journal={Transportation Research Part B: Methodological},
	volume={27},
	number={4},
	pages={281--287},
	year={1993},
	publisher={Elsevier}
}

@inproceedings{yperman2005link,
	title={The link transmission model: An efficient implementation of the kinematic wave theory in traffic networks},
	author={Yperman, Isaak and Logghe, Steven and Immers, Ben},
	booktitle={Proceedings of the 10th EWGT Meeting},
	year={2005}
}

@article{johansson1971drivers,
	title={Drivers' brake reaction times},
	author={Johansson, Gunnar and Rumar, K{\aa}re},
	journal={Human Factors: The Journal of the Human Factors and Ergonomics Society},
	volume={13},
	number={1},
	pages={23--27},
	year={1971},
	publisher={Sage Publications}
}

@inproceedings{schakel2010effects,
	title={Effects of cooperative adaptive cruise control on traffic flow stability},
	author={Schakel, Wouter J and Van Arem, Bart and Netten, Bart D},
	booktitle={Intelligent Transportation Systems (ITSC), 2010 13th International IEEE Conference on},
	pages={759--764},
	year={2010},
	organization={IEEE}
}
@online{fuel,
  author = {Alternative Fuels Data Center.},
  title = {Fuel Properties Comparison},
  url = {http://www.afdc.energy.gov/fuels/fuel_comparison_chart.pdf},
  publisher={U.S. Department of Energy},
  urldate = {2013-06-21}
}
@inproceedings{qian2014priority,
  title={Priority-based coordination of autonomous and legacy vehicles at intersection},
  author={Qian, Xiangjun and Gregoire, Jean and Moutarde, Fabien and De La Fortelle, Arnaud},
  booktitle={Intelligent Transportation Systems (ITSC), 2014 IEEE 17th International Conference on},
  pages={1166--1171},
  year={2014},
  organization={IEEE}
}

@article{fagnant2014travel,
  title={The travel and environmental implications of shared autonomous vehicles, using agent-based model scenarios},
  author={Fagnant, Daniel J and Kockelman, Kara M},
  journal={Transportation Research Part C: Emerging Technologies},
  volume={40},
  pages={1--13},
  year={2014},
  publisher={Elsevier}
}
@article{fajardo2011automated,
  title={Automated intersection control: Performance of future innovation versus current traffic signal control},
  author={Fajardo, David and Au, Tsz-Chiu and Waller, S and Stone, Peter and Yang, David},
  journal={Transportation Research Record: Journal of the Transportation Research Board},
  number={2259},
  pages={223--232},
  year={2011},
  publisher={Transportation Research Board of the National Academies}
}

@article{dresner2008multiagent,
  title={A multiagent approach to autonomous intersection management},
  author={Dresner, Kurt and Stone, Peter},
  journal={Journal of artificial intelligence research},
  pages={591--656},
  year={2008}
}

@article{levin2015optimizing,
  title={Optimizing reservation-based intersection controls},
  author={Levin, Michael W and Fritz, Hagen and Boyles, Stephen D},
  journal={In review at IEEE: Transactions on Intelligent Transportation Systems},
  year={2015}
}
@techreport{jones2013cooperative,
  title={Cooperative Adaptive Cruise Control: Human Factors Analysis},
  author={Jones, Stephen},
  year={2013}
}

@article{khondaker2015variable,
  title={Variable speed limit: A microscopic analysis in a connected vehicle environment},
  author={Khondaker, Bidoura and Kattan, Lina},
  journal={Transportation Research Part C: Emerging Technologies},
  volume={58},
  pages={146--159},
  year={2015},
  publisher={Elsevier}
}

@article{fagnant2015preparing,
  title={Preparing a nation for autonomous vehicles: opportunities, barriers and policy recommendations},
  author={Fagnant, Daniel J and Kockelman, Kara},
  journal={Transportation Research Part A: Policy and Practice},
  volume={77},
  pages={167--181},
  year={2015},
  publisher={Elsevier}
}

@article{zhang2015exploring,
  title={Exploring the impact of shared autonomous vehicles on urban parking demand: An agent-based simulation approach},
  author={Zhang, Wenwen and Guhathakurta, Subhrajit and Fang, Jinqi and Zhang, Ge},
  journal={Sustainable Cities and Society},
  volume={19},
  pages={34--45},
  year={2015},
  publisher={Elsevier}
}


@misc{SlidesA,
  Author = {Kim, Kyeil and Rousseau, Guy and Freedman, Joel and Nicholson, Jonathan},
  Institution = {Atlanta Regional Commission},
  Howpublished = {Conference sidles},
  Year = {2015},
  Title = {The Travel Impact of Autonomous Vehicles in Metro Atlanta through Activity-Based Modeling}
}



@techreport{Pinjari2013,
     title = {{Highway Capacity Impacts of Autonomous Vehicles: An Assessment}},
     author = {Pinjari, Abdul Rawoof and Augustin, Bertho and Menon, Nikhil},
     group = {Center for Urban Transportation Research},
     year = {2013},
     institution = {University of South Florida, Department of Civil and Environmental Engineering},
     month = {11},
}


@article{shladover2012impacts,
  title={Impacts of cooperative adaptive cruise control on freeway traffic flow},
  author={Shladover, Steven and Su, Dongyan and Lu, Xiao-Yun},
  journal={Transportation Research Record: Journal of the Transportation Research Board},
  number={2324},
  pages={63--70},
  year={2012},
  publisher={Transportation Research Board of the National Academies}
}


@article{vander2002effects,
  title={Effects of adaptive cruise control systems on highway traffic flow capacity},
  author={Vander Werf, Joel and Shladover, Steven and Miller, Mark and Kourjanskaia, Natalia},
  journal={Transportation Research Record: Journal of the Transportation Research Board},
  number={1800},
  pages={78--84},
  year={2002},
  publisher={Transportation Research Board of the National Academies}
}

@inproceedings{tientrakool2011highway,
  title={Highway capacity benefits from using vehicle-to-vehicle communication and sensors for collision avoidance},
  author={Tientrakool, Patcharinee and Ho, Ya-Chi and Maxemchuk, Nicholas F},
  booktitle={Vehicular Technology Conference (VTC Fall), 2011 IEEE},
  pages={1--5},
  year={2011},
  organization={IEEE}
}

@inproceedings{xu2002effects,
  title={Effects of vehicle-vehicle/roadside-vehicle communication on adaptive cruise controlled highway systems},
  author={Xu, Qing and Hedrick, Karl and Sengupta, Raja and VanderWerf, Joel},
  booktitle={Vehicular Technology Conference, 2002. Proceedings. VTC 2002-Fall. 2002 IEEE 56th},
  volume={2},
  pages={1249--1253},
  year={2002},
  organization={IEEE}
}

@article{childress2014using,
  title={Using an Activity-Based Model to Explore Possible Impacts of Automated Vehicles},
  author={Childress, Suzanne and Council, Puget Sound Regional and Nichols, Brice and Charlton, Billy and Coe, Stefan},
  year={2014}
}

@inproceedings{gucwa2014mobility,
  title={Mobility and Energy Impacts of Automated Cars},
  author={Gucwa, Michael},
  booktitle={Presentation at Automated Vehicles Symposium},
  year={2014}
}

@inproceedings{levin2015effects,
  title={Effects of Autonomous Vehicle Ownership on Trip, Mode, and Route Choice},
  author={Levin, Michael W and Boyles, Stephen D},
  booktitle={Transportation Research Board 94th Annual Meeting},
  number={15-2147},
  year={2015}
}

@article{fagnant2015preparing,
  title={Preparing a nation for autonomous vehicles: opportunities, barriers and policy recommendations},
  author={Fagnant, Daniel J and Kockelman, Kara},
  journal={Transportation Research Part A: Policy and Practice},
  volume={77},
  pages={167--181},
  year={2015},
  publisher={Elsevier}
}

@inproceedings{litman2015autonomous,
  title={Autonomous vehicle implementation predictions: Implications for transport planning},
  author={Litman, Todd},
  booktitle={Transportation Research Board 94th Annual Meeting},
  number={15-3326},
  year={2015}
}

@article{smith2012managing,
  title={Managing Autonomous Transportation Demand},
  author={Smith, Bryant Walker},
  journal={Santa Clara Law Review},
  volume={52},
  number={4},
  year={2012}
}

@inproceedings{gucwa2014mobility,
  title={Mobility and Energy Impacts of Automated Cars},
  author={Gucwa, Michael},
  booktitle={Presentation at Automated Vehicles Symposium},
  year={2014}
}

@incollection{spieser2014toward,
  title={Toward a systematic approach to the design and evaluation of automated mobility-on-demand systems: A case study in Singapore},
  author={Spieser, Kevin and Treleaven, Kyle and Zhang, Rick and Frazzoli, Emilio and Morton, Daniel and Pavone, Marco},
  booktitle={Road Vehicle Automation},
  pages={229--245},
  year={2014},
  publisher={Springer}
}

@techreport{cuddy2014smart,
  title={The Smart/Connected City and Its Implications for Connected Transportation},
  author={Cuddy, Matthew and Epstein, Alexander and Maloney, Cynthia and Westrom, Ryan and Hassol, Joshua and Kim, Anita and Damm-Luhr, David and Bettisworth, Caitlin},
  year={2014}
}

@inproceedings{fagnant2015dynamic,
  title={Dynamic ride-sharing and optimal fleet sizing for a system of shared autonomous vehicles},
  author={Fagnant, Daniel J and Kockelman, Kara M},
  booktitle={Transportation Research Board 94th Annual Meeting},
  number={15-1962},
  year={2015}
}

@article{petersen2006intrahousehold,
  title={Intrahousehold car-type choice for different travel needs},
  author={Petersen, Eric and Vovsha, Peter},
  journal={Transportation Research Record: Journal of the Transportation Research Board},
  number={1985},
  pages={207--219},
  year={2006},
  publisher={Transportation Research Board of the National Academies}
}

@article{childress2014using,
  title={Using an Activity-Based Model to Explore Possible Impacts of Automated Vehicles},
  author={Childress, Suzanne and Council, Puget Sound Regional and Nichols, Brice and Charlton, Billy and Coe, Stefan},
  year={2014}
}

@article{burns2013transforming,
  title={Transforming personal mobility},
  author={Burns, Lawrence D and Jordan, William C and Scarborough, Bonnie A},
  journal={The Earth Institute},
  year={2013}
}

@inproceedings{gucwa2014mobility,
  title={Mobility and Energy Impacts of Automated Cars},
  author={Gucwa, Michael},
  booktitle={Presentation at Automated Vehicles Symposium},
  year={2014}
}

@article{fagnant2015preparing,
  title={Preparing a nation for autonomous vehicles: opportunities, barriers and policy recommendations},
  author={Fagnant, Daniel J and Kockelman, Kara},
  journal={Transportation Research Part A: Policy and Practice},
  volume={77},
  pages={167--181},
  year={2015},
  publisher={Elsevier}
}

@inproceedings{levin2015effects,
  title={Effects of Autonomous Vehicle Ownership on Trip, Mode, and Route Choice},
  author={Levin, Michael W and Boyles, Stephen D},
  booktitle={Transportation Research Board 94th Annual Meeting},
  number={15-2147},
  year={2015}
}

@article{fagnant2014travel,
  title={The travel and environmental implications of shared autonomous vehicles, using agent-based model scenarios},
  author={Fagnant, Daniel J and Kockelman, Kara M},
  journal={Transportation Research Part C: Emerging Technologies},
  volume={40},
  pages={1--13},
  year={2014},
  publisher={Elsevier}
}

@article{zhang2015exploring,
  title={Exploring the impact of shared autonomous vehicles on urban parking demand: An agent-based simulation approach},
  author={Zhang, Wenwen and Guhathakurta, Subhrajit and Fang, Jinqi and Zhang, Ge},
  journal={Sustainable Cities and Society},
  volume={19},
  pages={34--45},
  year={2015},
  publisher={Elsevier}
}

@article{tassiulas1992stability,
  title={Stability properties of constrained queueing systems and scheduling policies for maximum throughput in multihop radio networks},
  author={Tassiulas, Leandros and Ephremides, Anthony},
  journal={Automatic Control, IEEE Transactions on},
  volume={37},
  number={12},
  pages={1936--1948},
  year={1992},
  publisher={IEEE}
}

@article{smith1979traffic,
  title={Traffic control and route-choice; a simple example},
  author={Smith, MJ},
  journal={Transportation Research Part B: Methodological},
  volume={13},
  number={4},
  pages={289--294},
  year={1979},
  publisher={Elsevier}
}

@article{daganzo1998queue,
  title={Queue spillovers in transportation networks with a route choice},
  author={Daganzo, Carlos F},
  journal={Transportation Science},
  volume={32},
  number={1},
  pages={3--11},
  year={1998},
  publisher={INFORMS}
}
@inproceedings{zhang2012traffic,
  title={Traffic routing guidance algorithm based on backpressure with a trade-off between user satisfaction and traffic load},
  author={Zhang, Rui and Li, Zhijun and Feng, Cheng and Jiang, Shouxu},
  booktitle={Vehicular Technology Conference (VTC Fall), 2012 IEEE},
  pages={1--5},
  year={2012},
  organization={IEEE}
}
@article{gregoire2013back,
  title={Back-pressure traffic signal control with unknown routing rates},
  author={Gregoire, Jean and Frazzoli, Emilio and De La Fortelle, Arnaud and Wongpiromsarn, Tichakorn},
  journal={arXiv preprint arXiv:1401.3357},
  year={2013}
}
@article{wongpiromsarn2014throughput,
  title={Throughput optimal distributed traffic signal control},
  author={Wongpiromsarn, Tichakorn and Uthaicharoenpong, Tawit and Frazzoli, Emilio and Wang, Yu and Wang, Danwei},
  journal={arXiv preprint arXiv:1407.1164},
  year={2014}
}

@inproceedings{xiao2014pressure,
  title={Pressure releasing policy in traffic signal control with finite queue capacities},
  author={Xiao, Nan and Frazzoli, Emilio and Li, Yitong and Wang, Yu and Wang, Danwei},
  booktitle={Decision and Control (CDC), 2014 IEEE 53rd Annual Conference on},
  pages={6492--6497},
  year={2014},
  organization={IEEE}
}

@article{li2013modeling,
  title={Modeling Reservation-Based Autonomous Intersection Control in {\MakeUppercase  VISSIM}},
  author={Li, Zhixia and Chitturi, Madhav and Zheng, Dongxi and Bill, Andrea and Noyce, David},
  journal={Transportation Research Record: Journal of the Transportation Research Board},
  number={2381},
  pages={81--90},
  year={2013},
  publisher={Transportation Research Board of the National Academies}
}

@inproceedings{hausknecht2011autonomous,
  title={Autonomous intersection management: Multi-intersection optimization},
  author={Hausknecht, Matthew and Au, Tsz-Chiu and Stone, Peter},
  booktitle={Intelligent Robots and Systems (IROS), 2011 IEEE/RSJ International Conference on},
  pages={4581--4586},
  year={2011},
  organization={IEEE}
}

@article{smith1980local,
  title={A local traffic control policy which automatically maximises the overall travel capacity of an urban road network},
  author={Smith, MJ},
  journal={Traffic Engineering \& Control},
  volume={21},
  number={HS-030 129},
  year={1980}
}

@article{smith1981properties,
  title={Properties of a traffic control policy which ensure the existence of a traffic equilibrium consistent with the policy},
  author={Smith, MJ},
  journal={Transportation Research Part B: Methodological},
  volume={15},
  number={6},
  pages={453--462},
  year={1981},
  publisher={Elsevier}
}

@article{smith1990dynamics,
  title={The dynamics of traffic assignment and traffic control: A theoretical study},
  author={Smith, MJ and Ghali, M},
  journal={Transportation Research Part B: Methodological},
  volume={24},
  number={6},
  pages={409--422},
  year={1990},
  publisher={Elsevier}
}

@techreport{webster1958traffic,
  title={Traffic signal settings},
  author={Webster, Fo Vo},
  year={1958}
}
@article{smith1993traffic,
  title={Traffic equilibrium with responsive traffic control},
  author={Smith, MJ and Van Vuren, T},
  journal={Transportation Science},
  volume={27},
  number={2},
  pages={118--132},
  year={1993},
  publisher={INFORMS}
}
@article{liu2015route,
  title={Route choice and traffic signal control: A study of the stability and instability of a new dynamical model of route choice and traffic signal control},
  author={Liu, Ronghui and Smith, Mike},
  journal={Transportation Research Part B: Methodological},
  volume={77},
  pages={123--145},
  year={2015},
  publisher={Elsevier}
}

@article{meneguzzer1997review,
  title={Review of models combining traffic assignment and signal control},
  author={Meneguzzer, Claudio},
  journal={Journal of Transportation Engineering},
  volume={123},
  number={2},
  pages={148--155},
  year={1997},
  publisher={American Society of Civil Engineers}
}

@inproceedings{hausknecht2011dynamic,
  title={Dynamic lane reversal in traffic management},
  author={Hausknecht, Matthew and Au, Tsz-Chiu and Stone, Peter and Fajardo, David and Waller, Travis},
  booktitle={Intelligent Transportation Systems (ITSC), 2011 14th International IEEE Conference on},
  pages={1929--1934},
  year={2011},
  organization={IEEE}
}

@article{marsden2001towards,
  title={Towards an understanding of adaptive cruise control},
  author={Marsden, Greg and McDonald, Mike and Brackstone, Mark},
  journal={Transportation Research Part C: Emerging Technologies},
  volume={9},
  number={1},
  pages={33--51},
  year={2001},
  publisher={Elsevier}
}

@article{van2006impact,
  title={The impact of cooperative adaptive cruise control on traffic-flow characteristics},
  author={Van Arem, Bart and Van Driel, Cornelie JG and Visser, Ruben},
  journal={Intelligent Transportation Systems, IEEE Transactions on},
  volume={7},
  number={4},
  pages={429--436},
  year={2006},
  publisher={IEEE}
}

@article{kesting2010enhanced,
  title={Enhanced intelligent driver model to access the impact of driving strategies on traffic capacity},
  author={Kesting, Arne and Treiber, Martin and Helbing, Dirk},
  journal={Philosophical Transactions of the Royal Society of London A: Mathematical, Physical and Engineering Sciences},
  volume={368},
  number={1928},
  pages={4585--4605},
  year={2010},
  publisher={The Royal Society}
}
@inproceedings{conde2013intelligent,
  title={Intelligent traffic management at intersections: Legacy mode for vehicles not equipped with v2v and v2i communications},
  author={Conde Bento, Luis and Parafita, Ricardo and Santos, Sara and Nunes, Urbano},
  booktitle={Intelligent Transportation Systems-(ITSC), 2013 16th International IEEE Conference on},
  pages={726--731},
  year={2013},
  organization={IEEE}
}

@article{tuerprasert2010multiclass,
  title={Multiclass cell transmission model for heterogeneous mobility in general topology of road network},
  author={Tuerprasert, Kamonthep and Aswakul, Chaodit},
  journal={Journal of Intelligent Transportation Systems},
  volume={14},
  number={2},
  pages={68--82},
  year={2010},
  publisher={Taylor \& Francis}
}

@article{aarts2006driving,
  title={Driving speed and the risk of road crashes: A review},
  author={Aarts, Letty and Van Schagen, Ingrid},
  journal={Accident Analysis \& Prevention},
  volume={38},
  number={2},
  pages={215--224},
  year={2006},
  publisher={Elsevier}
}

@article{courant1967partial,
  title={On the partial difference equations of mathematical physics},
  author={Courant, Richard and Friedrichs, Kurt and Lewy, Hans},
  journal={IBM journal of Research and Development},
  volume={11},
  number={2},
  pages={215--234},
  year={1967},
  publisher={IBM}
}

@article{wong2002multi,
  title={A multi-class traffic flow model--an extension of LWR model with heterogeneous drivers},
  author={Wong, GCK and Wong, SC},
  journal={Transportation Research Part A: Policy and Practice},
  volume={36},
  number={9},
  pages={827--841},
  year={2002},
  publisher={Elsevier}
}

@article{blumberg2009consistent,
  title={Consistent node arrival order in dynamic network loading models},
  author={Blumberg, Michal and Bar-Gera, Hillel},
  journal={Transportation Research Part B: Methodological},
  volume={43},
  number={3},
  pages={285--300},
  year={2009},
  publisher={Elsevier}
}

@article{brackstone1999car,
  title={Car-following: a historical review},
  author={Brackstone, Mark and McDonald, Mike},
  journal={Transportation Research Part F: Traffic Psychology and Behaviour},
  volume={2},
  number={4},
  pages={181--196},
  year={1999},
  publisher={Elsevier}
}
@article{gartner2005revised,
  title={Revised monograph on traffic flow theory: a state-of-the-art report},
  author={Gartner, NH and Messer, Carroll J and Rathi, Ajay K},
  journal={Special Report by the Transportation Research Board of the National Research Council},
  year={2005}
}

@article{newell2002simplified,
  title={A simplified car-following theory: a lower order model},
  author={Newell, Gordon Frank},
  journal={Transportation Research Part B: Methodological},
  volume={36},
  number={3},
  pages={195--205},
  year={2002},
  publisher={Elsevier}
}

@article{kometani1900dynamic,
  title={Dynamic behaviour of traffic with a non-linear spacing-speed relationship},
  author={Kometani, E and Sasaki, T},
  year={1900}
}

@article{kometani1959safety,
  title={A safety index for traffic with linear spacing},
  author={Kometani, Eiji and Sasaki, Tsuna},
  journal={Operations Research},
  volume={7},
  number={6},
  pages={704--720},
  year={1959},
  publisher={INFORMS}
}

@article{newell1993simplified,
  title={A simplified theory of kinematic waves in highway traffic, part I: General theory},
  author={Newell, Gordon F},
  journal={Transportation Research Part B: Methodological},
  volume={27},
  number={4},
  pages={281--287},
  year={1993},
  publisher={Elsevier}
}

@inproceedings{yperman2005link,
  title={The link transmission model: An efficient implementation of the kinematic wave theory in traffic networks},
  author={Yperman, Isaak and Logghe, Steven and Immers, Ben},
  booktitle={Proceedings of the 10th EWGT Meeting},
  year={2005}
}

@article{johansson1971drivers,
  title={Drivers' brake reaction times},
  author={Johansson, Gunnar and Rumar, K{\aa}re},
  journal={Human Factors: The Journal of the Human Factors and Ergonomics Society},
  volume={13},
  number={1},
  pages={23--27},
  year={1971},
  publisher={Sage Publications}
}
@techreport{manual2000highway,
  title={Highway capacity manual},
  institution={Federal Highway Adminstration},
  year={2000}
}

@inproceedings{zhou1993intelligent,
  title={An intelligent traffic responsive contraflow lane control system},
  author={Zhou, WW and Livolsi, P and Miska, E and Zhang, H and Wu, J and Yang, D},
  booktitle={Vehicle Navigation and Information Systems Conference, 1993., Proceedings of the IEEE-IEE},
  pages={174--181},
  year={1993},
  organization={IEEE}
}

@article{dixit2014evacuation,
  title={Evacuation traffic dynamics},
  author={Dixit, Vinayak and Wolshon, Brian},
  journal={Transportation Research Part C: Emerging Technologies},
  volume={49},
  pages={114--125},
  year={2014},
  publisher={Elsevier}
}

@article{xue2000intelligent,
  title={An intelligent contraflow control method for real-time optimal traffic scheduling using artificial neural network, fuzzy pattern recognition, and optimization},
  author={Xue, Deyi and Dong, Zuomin},
  journal={Control Systems Technology, IEEE Transactions on},
  volume={8},
  number={1},
  pages={183--191},
  year={2000},
  publisher={IEEE}
}
@inproceedings{zhang2012cell,
  title={A Cell-Based Regional Evacuation Model with Contra-Flow Lane Deployment},
  author={Zhang, Xin Ming and An, Shi and Xie, Bing Lei},
  booktitle={Advanced Engineering Forum},
  volume={5},
  pages={20--25},
  year={2012},
  organization={Trans Tech Publ}
}

@article{wang2013evacuation,
  title={Evacuation planning based on the contraflow technique with consideration of evacuation priorities and traffic setup time},
  author={Wang, JW and Wang, HF and Zhang, WJ and Ip, WH and Furuta, Kazuo},
  journal={Intelligent Transportation Systems, IEEE Transactions on},
  volume={14},
  number={1},
  pages={480--485},
  year={2013},
  publisher={IEEE}
}

@article{meng2008microscopic,
  title={Microscopic traffic simulation model-based optimization approach for the contraflow lane configuration problem},
  author={Meng, Qiang and Khoo, Hooi Ling and Cheu, Ruey Long},
  journal={Journal of Transportation Engineering},
  volume={134},
  number={1},
  pages={41--49},
  year={2008},
  publisher={American Society of Civil Engineers}
}

@article{ziliaskopoulos2000linear,
  title={A linear programming model for the single destination system optimum dynamic traffic assignment problem},
  author={Ziliaskopoulos, Athanasios K},
  journal={Transportation Science},
  volume={34},
  number={1},
  pages={37--49},
  year={2000},
  publisher={INFORMS}
}
@article{li2003decomposition,
  title={A decomposition scheme for system optimal dynamic traffic assignment models},
  author={Li, Yue and Waller, S Travis and Ziliaskopoulos, Thanasis},
  journal={Networks and Spatial Economics},
  volume={3},
  number={4},
  pages={441--455},
  year={2003},
  publisher={Springer}
}
@article{shen2014system,
  title={System optimal dynamic traffic assignment: Properties and solution procedures in the case of a many-to-one network},
  author={Shen, Wei and Zhang, HM},
  journal={Transportation Research Part B: Methodological},
  volume={65},
  pages={1--17},
  year={2014},
  publisher={Elsevier}
}
@article{chiu2007modeling,
  title={Modeling no-notice mass evacuation using a dynamic traffic flow optimization model},
  author={Chiu, Yi-Chang and Zheng, Hong and Villalobos, Jorge and Gautam, Bikash},
  journal={IIE Transactions},
  volume={39},
  number={1},
  pages={83--94},
  year={2007},
  publisher={Taylor \& Francis}
}
@article{carey2014implementing,
  title={Implementing first-in--first-out in the cell transmission model for networks},
  author={Carey, Malachy and Bar-Gera, Hillel and Watling, David and Balijepalli, Chandra},
  journal={Transportation Research Part B: Methodological},
  volume={65},
  pages={105--118},
  year={2014},
  publisher={Elsevier}
}
@article{doan2012holding,
  title={On the holding-back problem in the cell transmission based dynamic traffic assignment models},
  author={Doan, Kien and Ukkusuri, Satish V},
  journal={Transportation Research Part B: Methodological},
  volume={46},
  number={9},
  pages={1218--1238},
  year={2012},
  publisher={Elsevier}
}
@article{peeta1995system,
  title={System optimal and user equilibrium time-dependent traffic assignment in congested networks},
  author={Peeta, Srinivas and Mahmassani, Hani S},
  journal={Annals of Operations Research},
  volume={60},
  number={1},
  pages={81--113},
  year={1995},
  publisher={Springer}
}
@inproceedings{hall1997capacity,
  title={Capacity of automated highway systems: merging efficiency},
  author={Hall, Randolph W and Tsao, HS Jacob},
  booktitle={American Control Conference, 1997. Proceedings of the 1997},
  volume={3},
  pages={2046--2050},
  year={1997},
  organization={IEEE}
}
@inproceedings{papageorgiou2000freeway,
  title={Freeway ramp metering: An overview},
  author={Papageorgiou, Markos and Kotsialos, Apostolos},
  booktitle={Intelligent Transportation Systems, 2000. Proceedings. 2000 IEEE},
  pages={228--239},
  year={2000},
  organization={IEEE}
}

@article{levin2014effect,
  title={The effect of road elevation on network wide vehicle energy consumption and eco-routing},
  author={Levin, Michael W and Duell, Melissa and Waller, S Travis},
  journal={Transportation Research Record: Journal of the Transportation Research Board},
  year={2014}
}

@mastersthesis{pool2012enhancing,
  title={Enhancing the practical usability of dynamic traffic assignment},
  author={Pool, Christopher Matthew},
  year={2012}
}

@article{vickrey1969congestion,
  title={Congestion theory and transport investment},
  author={Vickrey, William S},
  journal={The American Economic Review},
  pages={251--260},
  year={1969},
  publisher={JSTOR}
}

@article{han2011complementarity,
  title={Complementarity formulations for the cell transmission model based dynamic user equilibrium with departure time choice, elastic demand and user heterogeneity},
  author={Han, Lanshan and Ukkusuri, Satish and Doan, Kien},
  journal={Transportation Research Part B: Methodological},
  volume={45},
  number={10},
  pages={1749--1767},
  year={2011},
  publisher={Elsevier}
}


@article{friesz2001dynamic,
  title={Dynamic network user equilibrium with state-dependent time lags},
  author={Friesz, Terry L and Bernstein, David and Suo, Z and Tobin, Roger L},
  journal={Networks and Spatial Economics},
  volume={1},
  number={3-4},
  pages={319--347},
  year={2001},
  publisher={Springer}
}

@article{li1999linear,
  title={Linear programming formulations for system optimum dynamic traffic assignment with arrival time-based and departure time-based demands},
  author={Li, Yue and Ziliaskopoulos, Athanasios and Waller, S},
  journal={Transportation Research Record: Journal of the Transportation Research Board},
  number={1667},
  pages={52--59},
  year={1999},
  publisher={Transportation Research Board of the National Academies}
}

@article{ziliaskopoulos1999simultaneous,
  title={A simultaneous route and departure time choice equilibrium model on dynamic networks},
  author={Ziliaskopoulos, Athanasios K and Rao, Lei},
  journal={International Transactions in Operational Research},
  volume={6},
  number={1},
  pages={21--37},
  year={1999},
  publisher={Wiley Online Library}
}
@article{szeto2004cell,
  title={A cell-based simultaneous route and departure time choice model with elastic demand},
  author={Szeto, WY and Lo, Hong K},
  journal={Transportation Research Part B: Methodological},
  volume={38},
  number={7},
  pages={593--612},
  year={2004},
  publisher={Elsevier}
}

@techreport{vovsha2012improving,
  title={Improving Our Understanding of How Highway Congestion and Price Affect Travel Demand},
  author={Vovsha, Peter and Donnelly, Bob and Bradley, Mark and Bowman, John and Mahmassani, Hani and Adler, Tom and Small, Kenneth and Brownstone, David and Kockelman, Kara and Wolf, Jean and others},
  year={2012}
}

@book{balmer2008agent,
  title={Agent-based simulation of travel demand: Structure and computational performance of MATSim-T},
  author={Balmer, M and Meister, K and Rieser, M and Nagel, K and Axhausen, Kay W and Axhausen, Kay W and Axhausen, Kay W},
  year={2008},
  publisher={ETH, Eidgen{\"o}ssische Technische Hochschule Z{\"u}rich, IVT Institut f{\"u}r Verkehrsplanung und Transportsysteme}
}

@article{fagnant2015operations,
  title={Operations of a Shared Autonomous Vehicle Fleet for the Austin, Texas Market},
  author={Fagnant, Daniel J and Kockelman, Kara M and Bansal, Prateek},
  journal={Transportation Research},
  volume={28},
  year={2015}
}

@mastersthesis{levin2015integrating,
  title={Integrating autonomous vehicle behavior into planning models},
  author={Levin, Michael William},
  school = {The University of Texas at Austin},
  year={2015}
}

@book{toth2001vehicle,
  title={The vehicle routing problem},
  author={Toth, Paolo and Vigo, Daniele},
  year={2001},
  publisher={Society for Industrial and Applied Mathematics}
}

@article{claudel2010lax,
	title={Lax--Hopf based incorporation of internal boundary conditions into Hamilton--Jacobi equation. Part I: Theory},
	author={Claudel, Christian G and Bayen, Alexandre M},
	journal={Automatic Control, IEEE Transactions on},
	volume={55},
	number={5},
	pages={1142--1157},
	year={2010},
	publisher={IEEE}
}
@article{claudel2010lax2,
	title={Lax--hopf based incorporation of internal boundary conditions into hamilton-jacobi equation. part ii: Computational methods},
	author={Claudel, Christian G and Bayen, Alexandre M},
	journal={Automatic Control, IEEE Transactions on},
	volume={55},
	number={5},
	pages={1158--1174},
	year={2010},
	publisher={IEEE}
}

@article{godunov1959difference,
	title={A difference method for numerical calculation of discontinuous solutions of the equations of hydrodynamics},
	author={Godunov, Sergei Konstantinovich},
	journal={Matematicheskii Sbornik},
	volume={89},
	number={3},
	pages={271--306},
	year={1959},
	publisher={Russian Academy of Sciences, Branch of Mathematical Sciences}
}

@article{mahmassani1987boundedly,
	title={On boundedly rational user equilibrium in transportation systems},
	author={Mahmassani, Hani S and Chang, Gang-Len},
	journal={Transportation science},
	volume={21},
	number={2},
	pages={89--99},
	year={1987},
	publisher={INFORMS}
}

@article{simpson2005parametric,
  title={Parametric modelling of energy consumption in road vehicles},
  author={Simpson, Andrew G},
  year={2005}
}

@article{guo2010multistate,
  title={Multistate model for travel time reliability},
  author={Guo, Feng and Rakha, Hesham and Park, Sangjun},
  journal={Transportation Research Record: Journal of the Transportation Research Board},
  number={2188},
  pages={46--54},
  year={2010},
  publisher={Transportation Research Board of the National Academies}
}
@techreport{vovsha2012improving,
  title={Improving Our Understanding of How Highway Congestion and Price Affect Travel Demand},
  author={Vovsha, Peter and Donnelly, Bob and Bradley, Mark and Bowman, John and Mahmassani, Hani and Adler, Tom and Small, Kenneth and Brownstone, David and Kockelman, Kara and Wolf, Jean and others},
  year={2012},
  number={SHRP 2 Capacity Project C04}
}


@misc{fuelproperties,
	title = {Fuel properties comparison},
	howpublished="\url{http://www.afdc.energy.gov/fuels/fuel comparison chart.pdf}",
	note={U.S. Department of Energy. Online; accessed 21 June 2013}
	}
	
@article{shladover2012impacts,
	title={Impacts of cooperative adaptive cruise control on freeway traffic flow},
	author={Shladover, Steven and Su, Dongyan and Lu, Xiao-Yun},
	journal={Transportation Research Record: Journal of the Transportation Research Board},
	number={2324},
	pages={63--70},
	year={2012},
	publisher={Transportation Research Board of the National Academies}
}
	